% Encoding: UTF-8


@Book{C.Dallner2006,
  Title                    = {Thermische Einsatzgrenzen von Kunststoffe},
  Author                   = {C. Dallner, Prof. Dr. Ehrenstein},
  Publisher                = {Journal of Plastic Technology},
  Year                     = {2006}
}

@Book{Castellanos2000,
  Title                    = {An automated apparatus for measuring the tensile strength and compressibility of fine cohesive powders},
  Author                   = {Antonio Castellanos},
  Year                     = {2000},
  Journal                  = {AIP Publishing}
}

@Book{Darmstadt2015,
  Title                    = {Jamming in granularen Medien},
  Author                   = {TU Darmstadt},
  Editor                   = {Abteilung Mechanik},
  Publisher                = {Technische Universität Dramstadt},
  Year                     = {2015}
}

@Book{DLRWebsite,
  Title                    = {Dynamik dichter granularer Materie in Schwerelosigkeit},
  Author                   = {Matthias Sperl},
  Publisher                = {DLR}
}

@Book{Fallturmexperiment,
  Title                    = {Optimierung und Flugerprobung eines Fallturmexperiments für dynamische Vielfachstreuung an Granulaten},
  Author                   = {Johannes Schmitz},
  Publisher                = {FH Aachen},
  Year                     = {2014},
  Journal                  = {FH Aachen}
}

@Book{GDV2011,
  Title                    = {Containerhandbuch},
  Publisher                = {Gesamtverband der deutschen Versicherungswirtschaft e.V.},
  Year                     = {2011, Berlin},
  URL                      = {http://www.containerhandbuch.de/chb/stra/index.html?/chb/stra/stra_04_04_05.html}
}

@Book{Grollius2012,
  Title                    = {Grundlagen der Pneumatik 3. Auflage},
  Author                   = {Horst Walter Grollius},
  Publisher                = {Carl Hanser Verlag GmbH Co KG},
  Year                     = {2012}
}

@Book{Loeffler1988,
  Title                    = {Staubabscheiden},
  Author                   = {Friedrich Löffler},
  Editor                   = {New York},
  Publisher                = {Georg Thieme},
  Year                     = {1988},
  Address                  = {New York},
  Note                     = {ISBN: 3-13-712201-5},
  HowPublished             = {online},
  Language                 = {Deutsch},
  Organization             = {Wikipedia},
  URL                      = {https://de.wikipedia.org/wiki/Fliehkraftabscheider#/media/File:Cyclone_Separator_german.jpg}
}

@Book{PhysikimKontext,
  Title                    = {Granulare Materie I Schüttgut in Ruhe - ein ungewöhnlicher Festkörper},
  Author                   = {Sigrid M. Weber},
  Publisher                = {Universität Kiel}
}

@Book{Schumann2011,
  Title                    = {Oberflächenstrukturen zur Reibungs- und Verschleißreduzierung von Kunststoff-Kunststoff-Reibpaarungen in Förderanlagen},
  Author                   = {Dipl.-Ing. Arndt Schumann},
  Publisher                = {Tagungsband I zur 52. Tribologie-Fachtagung},
  Year                     = {2011, Göttingen}
}

@Book{Stellberg13,
  Title                    = {Konstruktionselemente - Übungsaufgaben},
  Author                   = {Prof. Dr. Ing. Michael Stellberg},
  Publisher                = {FH Aachen},
  Year                     = {2013}
}

@Book{ThyssenPlastics,
  Title                    = {Technische Kunststoffe im Überblick},
  Author                   = {ThyssenKrupp Plastics},
  Publisher                = {ThyssenKrupp},
  Year                     = {2009},
  Note                     = {Best.-Nr: 0750}
}

