%% LaTeX2e file `Text.bib'
%% generated by the `filecontents' environment
%% from source `Text' on 2015/12/16.
%%
 @book{Labov1972,
  Address = {Philadelphia},
  Author = {William Labov},
  Publisher = {University of Pennsylvania Press},
  Title = {Sociolinguistic Patterns},
  Year = {1972}}

 @book{Chomsky1957,
  Address = {The Hague},
  Author = {Noam Chomsky},
  Publisher = {Mouton},
  Title = {Syntactic Structures},
  Year = {1957}}
}
